@Misc{hid-sp18-602-cloudautoml-main,
author = {Google},
title = {Cloud AutoML-main},
howpublished = {Web},
timestamp = {2018-02-19},
Url = {https://cloud.google.com/automl/},
}

@Misc{hid-sp18-602-cloudautoml-blog,
author = {Google},
title = {Cloud AutoML},
howpublished = {Web},
timestamp = {2018-02-19},
Url = {https://www.blog.google/topics/google-cloud/cloud-automl-making-ai-accessible-every-business/},
}


@Misc{hid-sp18-602-awscodestar-blog,
author = {Amazon},
title = {Intoducing AWS CodeStar},
howpublished = {Web},
timestamp = {2018-02-19},
Url = {https://aws.amazon.com/blogs/aws/new-aws-codestar/},
}


@Misc{hid-sp18-602-spinnaker-gc,
author = {Google},
title = {Spinnaker},
howpublished = {Web},
timestamp = {2018-02-19},
Url = {https://opensource.google.com/projects/spinnaker},
}


@Misc{hid-sp18-602-spinnaker-io,
author = {Spinnaker},
title = {Spinnaker io},
howpublished = {Web},
timestamp = {2018-02-19},
Url = {https://www.spinnaker.io/},
}

@Misc{hid-sp18-602-google-stackdriver-main,
author = {Google},
title = {Google Stackdriver},
howpublished = {Web},
timestamp = {2018-02-19},
Url = {https://cloud.google.com/stackdriver/},
}

@Misc{hid-sp18-602-google-loadbalancing-main,
author = {Google},
title = {Google Load Balancing},
howpublished = {Web},
timestamp = {2018-02-19},
Url = {https://cloud.google.com/load-balancing/},
}
