@Misc{hid-sp18-602-kubernetes,
  title =        "Kubernetes",
  author = 	 "Google",
  url = 	 "https://kubernetes.io"
}
@Misc{hid-sp18-602-docker,
  title =        "Docker",
  author = 	 "Docker",
  url = 	 "https://docs.docker.com/get-started/"
}
@Misc{hid-sp18-602-cloud-automl,
  title = "Cloud AutoML-main",
  author = "Google Cloud AI",
  url = "https://cloud.google.com/automl/"
}
@Misc{hid-sp18-602-cloud-vision,
  title =        "Cloud Vision",
  author = 	 "Google",
  url = 	 "https://cloud.google.com/vision/docs/reference/rest/v1/images/annotate#EntityAnnotation"
}
@Misc{hid-sp18-602-cloud-shell,
  title =        "Cloud Shell",
  author = 	 "Google Cloud",  
  url = 	 "https://cloud.google.com/shell/docs/"
}
@Misc{hid-sp18-602-pub-sub,
  title =        "Cloud pub/sub API ",
  author = 	 "Google API",
  url = 	 "https://cloud.google.com/pubsub/docs/overview"
}
@Misc{hid-sp18-602-redis,
  title =        "Redis",
  author = 	 "Redis",
  url = 	 "https://redislabs.com/blog/getting-started-with-kubernetes-and-redis-using-redis-enterprise/"
}
@Misc{hid-sp18-602-twelve-factor,
  title =        "12-factor",
  author = 	 "12factor",
  url = 	 "https://12factor.net/"
}
@Misc{hid-sp18-602-services,
  title =        "Kuberenets Services",
  author = 	 "Google",
  url = 	 "https://kubernetes.io/docs/concepts/services-networking/service/#publishing-services---service-types"
}
@Misc{hid-sp18-602-pods,
  title =        "Pods",
  author = 	 "Kubernetes",
  url = 	 "https://kubernetes.io/docs/concepts/workloads/pods/"
}
@Misc{hid-sp18-602-redis-implementation,
  title =        "Redis",
  author = 	 "Redis",
  url = 	 "https://redis.io/topics/rediscli"
}
@Misc{hid-sp18-602-yelp,
  title =        "yelp",
  author = 	   "yelp",
  url = 	 "https://www.yelp.com/fusion"
}

