@Misc{hid-sp18-602-cloud-automl-launch,
  title =        "Cloud AutoML: Making AI accessible to every business",
  author = 	 "Fei-Fei Li, Jia Li",
  year =         "2018",
  url = 	 "https://www.blog.google/topics/google-cloud/cloud-automl-making-ai-accessible-every-business/"
}
@Misc{hid-sp18-602-cloud-automl-main,
  title = "Cloud AutoML-main",
  author = "Google Cloud AI",
  url = "https://cloud.google.com/automl/"
}
@Misc{hid-sp18-602-cloud-automl-impact,
  title =        "Google's Cloud AutoML And Its Push To Democratize Point And Click AI For All",
  author = 	 "Kalev Leetaru",
  year =         "2018",
  url = 	 "https://www.forbes.com/sites/kalevleetaru/2018/01/18/googles-cloud-automl-and-its-push-to-democratize-point-and-click-ai-for-all/#1f4d5bf8c018"
}
@Misc{hid-sp18-602-cloud-automl-mechanism,
  title =        "Neural Architecture Search with Reinforcement Learning ",
  author = 	 "Barret Zoph,Quoc V.Le Google Brain",
  year =         "2017"
}
@Misc{hid-sp18-602-transfer-learning,
  title =        "A Gentle Introduction to Transfer Learning for Deep Learning",
  author = 	 "Jason Browniee",
  year =         "2017",
  url = 	 "https://machinelearningmastery.com/transfer-learning-for-deep-learning/"
}
@Misc{hid-sp18-602-cloud-mlengine-training,
  title =        "Training Models in the Cloud ",
  author = 	 "Google Cloud AI Team",  
  url = 	 "https://cloud.google.com/ml-engine/docs/tensorflow/training-steps"
}
@Misc{hid-sp18-602-cloud-mlengine-getting-started,
  title =        "Cloud ML Engine Getting Started ",
  author = 	 "Google Cloud AI Team",
  url = 	 "https://cloud.google.com/ml-engine/docs/tensorflow/getting-started-training-prediction"
}
@Misc{hid-sp18-602-google-cloud-storage,
  title =        "Working with Cloud Storage ",
  author = 	 "Google Cloud Team",  
  url = 	 "https://cloud.google.com/ml-engine/docs/tensorflow/working-with-cloud-storage"
}
@Misc{hid-sp18-602-cloud-mlengine-overview,
  title =        "Cloud ML Engine Overview",
  author = 	 "Google Cloud AI Team",
  url = 	 "https://cloud.google.com/ml-engine/docs/tensorflow/technical-overview"
}
@Misc{hid-sp18-602-cloud-tpu-overview,
  title =        "Cloud TPU",
  author = 	 "Google Cloud",
  url = 	 "https://cloud.google.com/tpu/"
}
@Misc{hid-sp18-602-cloud-tpu,
  title =        "Cloud TPU Documentation",
  author = 	 "Google Cloud",
  url = 	 "https://cloud.google.com/tpu/docs/tpus"
}
@Misc{hid-sp18-602-cloud-ai,
  title =        "4 ways Google Cloud will bring AI, machine learning to the enterprise",
  author = 	 "Steven Max Patterson",
  year =         "2017",
  url = 	 "https://www.networkworld.com/article/3179127/cloud-computing/4-ways-google-cloud-will-bring-ai-machine-learning-to-the-enterprise.html"
}

